<?xml version="1.0" encoding="UTF-8"?><record xmlns="http://www.loc.gov/MARC21/slim" xmlns:cinclude="http://apache.org/cocoon/include/1.0" xmlns:zs="http://www.loc.gov/zing/srw/">
  <leader>00927cz  a2200217n  4500</leader>
  <controlfield tag="001">n  86866353 </controlfield>
  <controlfield tag="003">DLC</controlfield>
  <controlfield tag="005">20020126072537.0</controlfield>
  <controlfield tag="008">861120n| acannaabn          |a aad      </controlfield>
  <datafield tag="010" ind1=" " ind2=" ">
    <subfield code="a">n  86866353 </subfield>
  </datafield>
  <datafield tag="035" ind1=" " ind2=" ">
    <subfield code="a">(OCoLC)oca01714416</subfield>
  </datafield>
  <datafield tag="040" ind1=" " ind2=" ">
    <subfield code="a">DLC</subfield>
    <subfield code="b">eng</subfield>
    <subfield code="c">DLC</subfield>
    <subfield code="d">DLC</subfield>
    <subfield code="d">InU</subfield>
    <subfield code="d">OCoLC</subfield>
  </datafield>
  <datafield tag="053" ind1=" " ind2="0">
    <subfield code="a">PH665.H48</subfield>
  </datafield>
  <datafield tag="100" ind1="1" ind2=" ">
    <subfield code="a">Hindrey, K. A.</subfield>
    <subfield code="q">(Karl August)</subfield>
  </datafield>
  <datafield tag="400" ind1="1" ind2=" ">
    <subfield code="a">Hindrey, Karl August</subfield>
  </datafield>
  <datafield tag="400" ind1="1" ind2=" ">
    <subfield code="a">Khindreĭ, Karl August</subfield>
  </datafield>
  <datafield tag="400" ind1="1" ind2=" ">
    <subfield code="a">Ronk, Hoia</subfield>
  </datafield>
  <datafield tag="670" ind1=" " ind2=" ">
    <subfield code="a">nuc86-105243: His Tõnissoni juures [MI] 1931</subfield>
    <subfield code="b">(hdg. on NN rept.: Hindrey, Karl August; usage: K.A. Hindrey)</subfield>
  </datafield>
  <datafield tag="670" ind1=" " ind2=" ">
    <subfield code="a">nuc87-3996: His Hukatus Mälaril [MI] 1939</subfield>
    <subfield code="b">(hdg. on NN rept.: Hindrey, Karl August, 1875)</subfield>
  </datafield>
  <datafield tag="670" ind1=" " ind2=" ">
    <subfield code="a">His Kaugekõne, 1986:</subfield>
    <subfield code="b">t.p. (Karl August Hindrey) colophon (Karl August Khindreĭ)</subfield>
  </datafield>
  <datafield tag="670" ind1=" " ind2=" ">
    <subfield code="a">Eesti kirjanduse biog. leks., 1975:</subfield>
    <subfield code="b">(Hindrey, Karl August, b. 8-15(3)-1875, d. 1-9-47, author, journalist, caricaturist, pseud. Hoia Ronk)</subfield>
  </datafield>
</record>